@ONLINE{test,
	title       = {Тестовая запись},
	language    = {russian},
	hyphenation = {russian},
	url		    = {https://www.ru/},
}

% Разделять авторов можно с помощью 'and'
@MVBOOK{book,
	author  = {Author A and Author B},
	title = {Book name},
	year = {2005},
	publisher = {AAA},
	language = {russian},
	hyphenation = {russian},
	ISBN      = {12345},
}

@article{article, 
	author = {Author}, 
	journal = {journal}, 
	number = {1}, 
	title = {$1*2$ title}, 
	volume = {62}, 
	month = {Jan},
	year = {1972},
	doi = {doi number},
	language = {russian},
	hyphenation = {russian},
}
